@article{biblex13,
    author  = "biblex 2013 team",
    title   = "Three Easy Steps to Manage Your References",
    year    = "2013",
    journal = "Student Reports",
    volume  = "23",
    number  = "2",
    pages   = "247--247"
}